@inproceedings{Rao:AAMAS1995:BDIArch,
    author = {A. S. Rao and M. P. Georgeff},
    title = {{BDI}-agents: from theory to practice},
    booktitle = {Proceedings of the First Intl. Conference on Multiagent Systems},
    address = {San Francisco},
    year = {1995}
}

@BOOK{Bellifemine:book2007:JADE,
  AUTHOR =       {Fabio Luigi Bellifemine and Giovanni Claire and Dominic Greenwood},
  TITLE =        {Developing Multi-Agent Systems with {JADE}},
  PUBLISHER =    {John Wiley \& Sons, Inc.},
  YEAR =         {2007},
  address =      {New York, USA},
  isbn =         {9780470058404},
 }
 
 @inproceedings{Nunes:EMAS2014:CapabilityRelationships,
    author = {Ingrid Nunes},
    title = {Capability Relationships in {BDI} Agents},
    booktitle = {The 2nd International Workshop on Engineering Multi-Agent Systems (EMAS 2014)},
    address = {Paris},
    year = {2014}
}
 
 @inproceedings{Nunes:EMAS2014PostProc:CapabilityRelationships,
    author = {Ingrid Nunes},
    title = {Improving the Design and Modularity of BDI Agents with Capability Relationships},
    booktitle = {EMAS 2014 Post-proceedings (to appear)},
    year = {2014}
}